@article{mellit2020advanced,
  title={Advanced Methods for Photovoltaic Output Power Forecasting: A Review},
  author={Mellit, Adel and Massi Pavan, Alessandro and Ogliari, Emanuele and Leva, Sonia and Lughi, Vanni},
  journal={Applied Sciences},
  volume={10},
  number={2},
  pages={487},
  year={2020},
  publisher={Multidisciplinary Digital Publishing Institute}
}
@misc{ieasolarpvontrack2020,
  title = {Solar PV On track},
  howpublished = {\url{https://www.iea.org/reports/solar-pv}},
  note = {Accessed: 2021-01-03}
}
@article{jaberipour2011particle,
  title={Particle swarm algorithm for solving systems of nonlinear equations},
  author={Jaberipour, Majid and Khorram, Esmaile and Karimi, Behrooz},
  journal={Computers \& Mathematics with Applications},
  volume={62},
  number={2},
  pages={566--576},
  year={2011},
  publisher={Elsevier}
}
@book{brockwell2002introduction,
  title={Introduction to time series and forecasting},
  author={Brockwell, Peter J and Davis, Richard A and Calder, Matthew V},
  volume={2},
  year={2002},
  publisher={Springer}
}
@article{chin2015cell,
  title={Cell modelling and model parameters estimation techniques for photovoltaic simulator application: A review},
  author={Chin, Vun Jack and Salam, Zainal and Ishaque, Kashif},
  journal={Applied Energy},
  volume={154},
  pages={500--519},
  year={2015},
  publisher={Elsevier}
}
@article{jordehi2016parameter,
  title={Parameter estimation of solar photovoltaic (PV) cells: A review},
  author={Jordehi, A Rezaee},
  journal={Renewable and Sustainable Energy Reviews},
  volume={61},
  pages={354--371},
  year={2016},
  publisher={Elsevier}
}
@article{de2017performance,
  title={Performance estimation of photovoltaic technologies in Brazil},
  author={de Azevedo Dias, C{\'e}sar Luiz and Branco, David Alves Castelo and Arouca, Maur{\'\i}cio Cardoso and Legey, Luiz Fernando Loureiro},
  journal={Renewable Energy},
  volume={114},
  pages={367--375},
  year={2017},
  publisher={Elsevier}
}
@article{mueller2009cm,
  title={The CM-SAF operational scheme for the satellite based retrieval of solar surface irradianceâ€”A LUT based eigenvector hybrid approach},
  author={Mueller, RW and Matsoukas, C and Gratzki, A and Behr, HD and Hollmann, R},
  journal={Remote Sensing of Environment},
  volume={113},
  number={5},
  pages={1012--1024},
  year={2009},
  publisher={Elsevier}
}
@article{huld2012new,
  title={A new solar radiation database for estimating PV performance in Europe and Africa},
  author={Huld, Thomas and M{\"u}ller, Richard and Gambardella, Attilio},
  journal={Solar Energy},
  volume={86},
  number={6},
  pages={1803--1815},
  year={2012},
  publisher={Elsevier}
}
@article{amillo2014new,
  title={A new database of global and direct solar radiation using the eastern meteosat satellite, models and validation},
  author={Amillo, Ana and Huld, Thomas and M{\"u}ller, Richard},
  journal={Remote sensing},
  volume={6},
  number={9},
  pages={8165--8189},
  year={2014},
  publisher={Multidisciplinary Digital Publishing Institute}
}
@techreport{habte2017evaluation,
  title={Evaluation of the national solar radiation database (NSRDB): 1998-2015},
  author={Habte, Aron and Sengupta, Manajit and Lopez, Anthony},
  year={2017},
  institution={National Renewable Energy Lab.(NREL), Golden, CO (United States)}
}
@article{voyant2017machine,
  title={Machine learning methods for solar radiation forecasting: A review},
  author={Voyant, Cyril and Notton, Gilles and Kalogirou, Soteris and Nivet, Marie-Laure and Paoli, Christophe and Motte, Fabrice and Fouilloy, Alexis},
  journal={Renewable Energy},
  volume={105},
  pages={569--582},
  year={2017},
  publisher={Elsevier}
}
@incollection{wolff2016statistical,
  title={Statistical learning for short-term photovoltaic power predictions},
  author={Wolff, Bj{\"o}rn and Lorenz, Elke and Kramer, Oliver},
  booktitle={Computational sustainability},
  pages={31--45},
  year={2016},
  publisher={Springer}
}
@article{li2016hierarchical,
  title={A hierarchical approach using machine learning methods in solar photovoltaic energy production forecasting},
  author={Li, Zhaoxuan and Rahman, SM and Vega, Rolando and Dong, Bing},
  journal={Energies},
  volume={9},
  number={1},
  pages={55},
  year={2016},
  publisher={Multidisciplinary Digital Publishing Institute}
}
@inproceedings{muller2015sarah,
  title={Sarah-a new homogeneous climate data record of surface radiation},
  author={M{\"u}ller, Richard and Trentmann, J{\"o}rg and Tr{\"a}ger-Chatterjee, Christine and Pfeifroth, Uwe},
  booktitle={EGU General Assembly Conference Abstracts},
  volume={17},
  year={2015}
}
@misc{pereira2017atlas,
  title={Atlas Brasileiro de Energia Solar--2{\textordfeminine} Edi{\c{c}}{\~a}o, S{\~a}o Jos{\'e} dos Campos},
  author={Pereira, EB and Martins, FR and Gon{\c{c}}alves, AR and Costa, RS and Lima, FJL and R{\"u}ther, R and Abreu, SL and Tiepolo, GM and Pereira, SV and Souza, JG},
  year={2017}
}
@book{stein2012interpolation,
  title={Interpolation of spatial data: some theory for kriging},
  author={Stein, Michael L},
  year={2012},
  publisher={Springer Science \& Business Media}
}
@article{martins2005base,
  title={Base de dados clim{\'a}tico-ambientais aplicados ao setor energ{\'e}tico-Projeto SONDA},
  author={Martins, Fernando Ramos and Pereira, Enio Bueno and Yamashita, Cristina and Pereira, Silvia Vitorino and Mantelli Neto, S},
  journal={Proc. of XII Simp{\'o}sio Brasileiro de Sensoriamento Remoto, INPE, Sao Jos{\'e} dos Campos, Brazil},
  year={2005}
}
@inproceedings{martins2007mapeamento,
  title={Mapeamento dos recursos de energia solar no brasil uti-lizando modelo de transfer{\^e}ncia radiativa brasil-sr},
  author={Martins, Fernando R and Pereira, Enio B and Guarnieri, Ricardo A and Silva, Sheila AB and Yamashita, Cristina S and Chagas, Rafael C and Abreu, Samuel L and Colle, Sergio},
  booktitle={Anais do I Congresso Brasileiro de Energia Solar},
  pages={8--10},
  year={2007}
}
@Manual{pykrige,
    title = {PyKrige Documentation},
    author = {PyKrige developers},
    year = {2019},
    note = {Release 1.4.1},
    url = {https://pykrige.readthedocs.io/en/latest/index.htm}
}
@article{sun2017correlation,
  title={Correlation feature selection and mutual information theory based quantitative research on meteorological impact factors of module temperature for solar photovoltaic systems},
  author={Sun, Yujing and Wang, Fei and Wang, Bo and Chen, Qifang and Engerer, NA and Mi, Zengqiang},
  journal={Energies},
  volume={10},
  number={1},
  pages={7},
  year={2017},
  publisher={Multidisciplinary Digital Publishing Institute}
}
@article{hailegnaw2015rain,
  title={Rain on methylammonium lead iodide based perovskites: possible environmental effects of perovskite solar cells},
  author={Hailegnaw, Bekele and Kirmayer, Saar and Edri, Eran and Hodes, Gary and Cahen, David},
  journal={The journal of physical chemistry letters},
  volume={6},
  number={9},
  pages={1543--1547},
  year={2015},
  publisher={ACS Publications}
}
@article{kazem2015effect,
  title={Effect of humidity on photovoltaic performance based on experimental study},
  author={Kazem, Hussein A and Chaichan, Miqdam T},
  journal={International Journal of Applied Engineering Research (IJAER)},
  volume={10},
  number={23},
  pages={43572--43577},
  year={2015}
}
@article{martins2005mapas,
  title={Mapas de irradia{\c{c}}{\~a}o solar para o Brasil--Resultados do Projeto SWERA},
  author={Martins, Fernando Ramos and Pereira, Enio Bueno and Abreu, Samuel L de and Colle, Sergio},
  journal={Anais XII Simp{\'o}sio Brasileiro de Sensoriamento Remoto, Goi{\^a}nia, Brasil},
  pages={16--21},
  year={2005}
}
@article{oliver2014tutorial,
  title={A tutorial guide to geostatistics: Computing and modelling variograms and kriging},
  author={Oliver, MA and Webster, R},
  journal={Catena},
  volume={113},
  pages={56--69},
  year={2014},
  publisher={Elsevier}
}
@article{zhang2003time,
  title={Time series forecasting using a hybrid ARIMA and neural network model},
  author={Zhang, G Peter},
  journal={Neurocomputing},
  volume={50},
  pages={159--175},
  year={2003},
  publisher={Elsevier}
}
@article{khashei2010artificial,
  title={An artificial neural network (p, d, q) model for timeseries forecasting},
  author={Khashei, Mehdi and Bijari, Mehdi},
  journal={Expert Systems with applications},
  volume={37},
  number={1},
  pages={479--489},
  year={2010},
  publisher={Elsevier}
}
@article{babu2014moving,
  title={A moving-average filter based hybrid ARIMA--ANN model for forecasting time series data},
  author={Babu, C Narendra and Reddy, B Eswara},
  journal={Applied Soft Computing},
  volume={23},
  pages={27--38},
  year={2014},
  publisher={Elsevier}
}
@article{de2016hybrid,
  title={A hybrid evolutionary decomposition system for time series forecasting},
  author={de Oliveira, Jo{\~a}o FL and Ludermir, Teresa B},
  journal={Neurocomputing},
  volume={180},
  pages={27--34},
  year={2016},
  publisher={Elsevier}
}
@inproceedings{de2014hybrid,
  title={A hybrid evolutionary system for parameter optimization and lag selection in time series forecasting},
  author={de Oliveira, Jo{\~a}o Fausto Lorenzato and Ludermir, Teresa Bernarda},
  booktitle={2014 Brazilian Conference on Intelligent Systems},
  pages={73--78},
  year={2014},
  organization={IEEE}
}
@article{domingos2019intelligent,
  title={An intelligent hybridization of ARIMA with machine learning models for time series forecasting},
  author={Domingos, S de O and de Oliveira, Jo{\~a}o FL and de Mattos Neto, Paulo SG},
  journal={Knowledge-Based Systems},
  volume={175},
  pages={72--86},
  year={2019},
  publisher={Elsevier}
}
@article{scikit-learn,
 title={Scikit-learn: Machine Learning in {P}ython},
 author={Pedregosa, F. and Varoquaux, G. and Gramfort, A. and Michel, V.
         and Thirion, B. and Grisel, O. and Blondel, M. and Prettenhofer, P.
         and Weiss, R. and Dubourg, V. and Vanderplas, J. and Passos, A. and
         Cournapeau, D. and Brucher, M. and Perrot, M. and Duchesnay, E.},
 journal={Journal of Machine Learning Research},
 volume={12},
 pages={2825--2830},
 year={2011}
}
@article{svetnik2003random,
  title={Random forest: a classification and regression tool for compound classification and QSAR modeling},
  author={Svetnik, Vladimir and Liaw, Andy and Tong, Christopher and Culberson, J Christopher and Sheridan, Robert P and Feuston, Bradley P},
  journal={Journal of chemical information and computer sciences},
  volume={43},
  number={6},
  pages={1947--1958},
  year={2003},
  publisher={ACS Publications}
}
@inproceedings{drucker1997support,
  title={Support vector regression machines},
  author={Drucker, Harris and Burges, Christopher JC and Kaufman, Linda and Smola, Alex J and Vapnik, Vladimir},
  booktitle={Advances in neural information processing systems},
  pages={155--161},
  year={1997}
}
@inproceedings{solomatine2004adaboost,
  title={AdaBoost. RT: a boosting algorithm for regression problems},
  author={Solomatine, Dimitri P and Shrestha, Durga L},
  booktitle={2004 IEEE International Joint Conference on Neural Networks (IEEE Cat. No. 04CH37541)},
  volume={2},
  pages={1163--1168},
  year={2004},
  organization={IEEE}
}
@article{breiman1996bagging,
  title={Bagging predictors},
  author={Breiman, Leo},
  journal={Machine learning},
  volume={24},
  number={2},
  pages={123--140},
  year={1996},
  publisher={Springer}
}
@article{friedman2002stochastic,
  title={Stochastic gradient boosting},
  author={Friedman, Jerome H},
  journal={Computational statistics \& data analysis},
  volume={38},
  number={4},
  pages={367--378},
  year={2002},
  publisher={Elsevier}
}
@article{fischler1981random,
  title={Random sample consensus: a paradigm for model fitting with applications to image analysis and automated cartography},
  author={Fischler, Martin A and Bolles, Robert C},
  journal={Communications of the ACM},
  volume={24},
  number={6},
  pages={381--395},
  year={1981},
  publisher={ACM}
}
@article{crammer2006online,
  title={Online passive-aggressive algorithms},
  author={Crammer, Koby and Dekel, Ofer and Keshet, Joseph and Shalev-Shwartz, Shai and Singer, Yoram},
  journal={Journal of Machine Learning Research},
  volume={7},
  number={Mar},
  pages={551--585},
  year={2006}
}
